%% This BibTeX bibliography file was created using BibDesk.
%% http://bibdesk.sourceforge.net/


%% Created for Sivaram at 2015-04-30 18:16:07 -0400 


%% Saved with string encoding Unicode (UTF-8) 



@article{demmel1999supernodal,
	Author = {Demmel, James W and Eisenstat, Stanley C and Gilbert, John R and Li, Xiaoye S and Liu, Joseph WH},
	Date-Added = {2015-04-30 22:16:05 +0000},
	Date-Modified = {2015-04-30 22:16:05 +0000},
	Journal = {SIAM Journal on Matrix Analysis and Applications},
	Number = {3},
	Pages = {720--755},
	Publisher = {SIAM},
	Title = {A supernodal approach to sparse partial pivoting},
	Volume = {20},
	Year = {1999}}

@article{demmel2011superlu,
	Author = {Demmel, James W},
	Date-Added = {2015-04-30 22:15:40 +0000},
	Date-Modified = {2015-04-30 22:15:40 +0000},
	Journal = {Lawrence Berkeley National Laboratory},
	Title = {SuperLU users' guide},
	Year = {2011}}

@article{li2005overview,
	Author = {Li, Xiaoye S},
	Date-Added = {2015-04-30 22:14:52 +0000},
	Date-Modified = {2015-04-30 22:14:52 +0000},
	Journal = {ACM Transactions on Mathematical Software (TOMS)},
	Number = {3},
	Pages = {302--325},
	Publisher = {ACM},
	Title = {An overview of SuperLU: Algorithms, implementation, and user interface},
	Volume = {31},
	Year = {2005}}

@article{davis2004algorithm,
	Author = {Davis, Timothy A and Gilbert, John R and Larimore, Stefan I and Ng, Esmond G},
	Date-Added = {2015-04-30 22:08:30 +0000},
	Date-Modified = {2015-04-30 22:08:30 +0000},
	Journal = {ACM Transactions on Mathematical Software (TOMS)},
	Number = {3},
	Pages = {377--380},
	Publisher = {ACM},
	Title = {Algorithm 836: COLAMD, a column approximate minimum degree ordering algorithm},
	Volume = {30},
	Year = {2004}}

@book{brockwell2002introduction,
	Author = {Brockwell, Peter J and Davis, Richard A},
	Publisher = {Taylor \& Francis},
	Title = {Introduction to time series and forecasting},
	Volume = {1},
	Year = {2002}}

@article{brockwell2001levy,
	Author = {Brockwell, Peter J},
	Journal = {Annals of the Institute of Statistical Mathematics},
	Number = {1},
	Pages = {113--124},
	Publisher = {Springer},
	Title = {L{\'e}vy-driven {CARMA} processes},
	Volume = {53},
	Year = {2001}}

@article{brockwell1994continuous,
	Author = {Brockwell, Peter J},
	Journal = {Journal of Statistical Planning and Inference},
	Number = {2},
	Pages = {291--303},
	Publisher = {Elsevier},
	Title = {On continuous-time threshold {ARMA} processes},
	Volume = {39},
	Year = {1994}}

@article{asplund1959finite,
	Author = {Asplund, S. O.},
	Journal = {Mathematica Scandinavica},
	Pages = {49--56},
	Title = {Finite Boundary Value Problems Solved by {G}reen's Matrix.},
	Volume = {7},
	Year = {1959}}

@article{gesztesy2003modified,
	Author = {Gesztesy, Fritz and Makarov, Konstantin A},
	Journal = {Integral Equations and Operator Theory},
	Number = {4},
	Pages = {457--497},
	Publisher = {Springer},
	Title = {Modified {F}redholm determinants for operators with matrix-valued semi-separable integral kernels revisited},
	Volume = {47},
	Year = {2003}}

@article{gohberg1984non,
	Author = {Gohberg, I and Kaashoek, MA and Van Schagen, F},
	Journal = {Integral Equations and Operator Theory},
	Number = {5},
	Pages = {642--703},
	Publisher = {Springer},
	Title = {Non-compact integral operators with semi-separable kernels and their discrete analogues: {I}nversion and {F}redholm properties},
	Volume = {7},
	Year = {1984}}

@article{vandebril2005bibliography,
	Author = {Vandebril, Raf and Van Barel, Marc and Golub, Gene and Mastronardi, Nicola},
	Journal = {Calcolo},
	Number = {3-4},
	Pages = {249--270},
	Publisher = {Springer},
	Title = {A bibliography on semi-separable matrices*},
	Volume = {42},
	Year = {2005}}

@article{roy1956inverting,
	Author = {Roy, SN and Sarhan, AE},
	Journal = {Biometrika},
	Pages = {227--231},
	Publisher = {JSTOR},
	Title = {On inverting a class of patterned matrices},
	Year = {1956}}

@article{roy1960evaluation,
	Author = {Roy, SN and Greenberg, BG and Sarhan, AE},
	Journal = {Journal of the Royal Statistical Society. Series B (Methodological)},
	Pages = {348--359},
	Publisher = {JSTOR},
	Title = {Evaluation of determinants, characteristic equations and their roots for a class of patterned matrices},
	Year = {1960}}

@article{mustafi1967inverse,
	Author = {Mustafi, Chandan K},
	Journal = {The Annals of Mathematical Statistics},
	Pages = {1289--1292},
	Publisher = {JSTOR},
	Title = {The inverse of a certain matrix, with an application},
	Year = {1967}}

@article{uppuluri1969inverse,
	Author = {Uppuluri, VR Rao and Carpenter, JA},
	Journal = {Sankhy{\=a}: The Indian Journal of Statistics, Series A},
	Pages = {79--82},
	Publisher = {JSTOR},
	Title = {The inverse of a matrix occurring in first-order moving-average models},
	Year = {1969}}

@article{greenberg1959matrix,
	Author = {Greenberg, G and Sarhan, AHMED E},
	Journal = {Journal of the American Statistical Association},
	Pages = {755--766},
	Publisher = {JSTOR},
	Title = {Matrix inversion, its interest and application in analysis of data},
	Year = {1959}}

@article{eidelman2002modification,
	Author = {Eidelman, Y and Gohberg, I},
	Journal = {Linear Algebra and its Applications},
	Pages = {419--450},
	Publisher = {Elsevier},
	Title = {A modification of the {D}ewilde--van der {V}een method for inversion of finite structured matrices},
	Volume = {343},
	Year = {2002}}

@article{van2004two,
	Author = {Van Camp, Ellen and Mastronardi, Nicola and Van Barel, Marc},
	Journal = {Journal of Computational and Applied Mathematics},
	Pages = {731--747},
	Publisher = {Elsevier},
	Title = {Two fast algorithms for solving diagonal-plus-semi-separable linear systems},
	Volume = {164},
	Year = {2004}}

@article{eidelman1997inversion,
	Author = {Eidelman, Y and Gohberg, I},
	Journal = {Computers \& Mathematics with Applications},
	Number = {4},
	Pages = {69--79},
	Publisher = {Elsevier},
	Title = {Inversion formulas and linear complexity algorithm for diagonal plus semi-separable matrices},
	Volume = {33},
	Year = {1997}}

@article{gohberg1985linear,
	Author = {Gohberg, I and Kailath, T and Koltracht, I},
	Journal = {Integral Equations and Operator Theory},
	Number = {6},
	Pages = {780--804},
	Publisher = {Springer},
	Title = {Linear complexity algorithms for semi-separable matrices},
	Volume = {8},
	Year = {1985}}

@incollection{jain2010n,
	Author = {Jain, Jitesh and Li, Hong and Koh, Cheng-Kok and Balakrishnan, Venkataramanan},
	Booktitle = {Numerical Methods for Structured Matrices and Applications},
	Pages = {347--358},
	Publisher = {Springer},
	Title = {O(n) algorithms for banded plus semi-separable matrices},
	Year = {2010}}

@article{chandrasekaran2003fast,
	Author = {Chandrasekaran, Shiv and Gu, Ming},
	Journal = {SIAM Journal on Matrix Analysis and Applications},
	Number = {2},
	Pages = {373--384},
	Publisher = {SIAM},
	Title = {Fast and stable algorithms for banded plus semi-separable systems of linear equations},
	Volume = {25},
	Year = {2003}}

@misc{eigenweb,
	Author = {Ga\"{e}l Guennebaud and Beno\^{i}t Jacob and others},
	Howpublished = {http://eigen.tuxfamily.org},
	Title = {Eigen v3},
	Year = {2010}}

@misc{ambikasaran2014ESS,
	Author = {Sivaram Ambikasaran},
	Howpublished = {https://github.com/sivaramambikasaran/ESS},
	Title = {{ESS}},
	Year = {2014}}

@article{rybicki1995class,
	Author = {Rybicki, George B and Press, William H},
	Journal = {Physical review letters},
	Number = {7},
	Pages = {1060},
	Publisher = {APS},
	Title = {Class of fast methods for processing irregularly sampled or otherwise inhomogeneous one-dimensional data},
	Volume = {74},
	Year = {1995}}
