@book{brockwell2002introduction,
  title={Introduction to time series and forecasting},
  author={Brockwell, Peter J and Davis, Richard A},
  volume={1},
  year={2002},
  publisher={Taylor \& Francis}
}

@article{brockwell2001levy,
  title={L{\'e}vy-driven {CARMA} processes},
  author={Brockwell, Peter J},
  journal={Annals of the Institute of Statistical Mathematics},
  volume={53},
  number={1},
  pages={113--124},
  year={2001},
  publisher={Springer}
}

@article{brockwell1994continuous,
  title={On continuous-time threshold {ARMA} processes},
  author={Brockwell, Peter J},
  journal={Journal of Statistical Planning and Inference},
  volume={39},
  number={2},
  pages={291--303},
  year={1994},
  publisher={Elsevier}
}

@article{asplund1959finite,
  title={Finite Boundary Value Problems Solved by {G}reen's Matrix.},
  author={Asplund, S. O.},
  journal={Mathematica Scandinavica},
  volume={7},
  pages={49--56},
  year={1959}
}

@article{gesztesy2003modified,
  title={Modified {F}redholm determinants for operators with matrix-valued semi-separable integral kernels revisited},
  author={Gesztesy, Fritz and Makarov, Konstantin A},
  journal={Integral Equations and Operator Theory},
  volume={47},
  number={4},
  pages={457--497},
  year={2003},
  publisher={Springer}
}

@article{gohberg1984non,
  title={Non-compact integral operators with semi-separable kernels and their discrete analogues: {I}nversion and {F}redholm properties},
  author={Gohberg, I and Kaashoek, MA and Van Schagen, F},
  journal={Integral Equations and Operator Theory},
  volume={7},
  number={5},
  pages={642--703},
  year={1984},
  publisher={Springer}
}

@article{vandebril2005bibliography,
  title={A bibliography on semi-separable matrices*},
  author={Vandebril, Raf and Van Barel, Marc and Golub, Gene and Mastronardi, Nicola},
  journal={Calcolo},
  volume={42},
  number={3-4},
  pages={249--270},
  year={2005},
  publisher={Springer}
}

@article{roy1956inverting,
  title={On inverting a class of patterned matrices},
  author={Roy, SN and Sarhan, AE},
  journal={Biometrika},
  pages={227--231},
  year={1956},
  publisher={JSTOR}
}

@article{roy1960evaluation,
  title={Evaluation of determinants, characteristic equations and their roots for a class of patterned matrices},
  author={Roy, SN and Greenberg, BG and Sarhan, AE},
  journal={Journal of the Royal Statistical Society. Series B (Methodological)},
  pages={348--359},
  year={1960},
  publisher={JSTOR}
}

@article{mustafi1967inverse,
  title={The inverse of a certain matrix, with an application},
  author={Mustafi, Chandan K},
  journal={The Annals of Mathematical Statistics},
  pages={1289--1292},
  year={1967},
  publisher={JSTOR}
}

@article{uppuluri1969inverse,
  title={The inverse of a matrix occurring in first-order moving-average models},
  author={Uppuluri, VR Rao and Carpenter, JA},
  journal={Sankhy{\=a}: The Indian Journal of Statistics, Series A},
  pages={79--82},
  year={1969},
  publisher={JSTOR}
}

@article{greenberg1959matrix,
  title={Matrix inversion, its interest and application in analysis of data},
  author={Greenberg, G and Sarhan, AHMED E},
  journal={Journal of the American Statistical Association},
  pages={755--766},
  year={1959},
  publisher={JSTOR}
}

@article{eidelman2002modification,
  title={A modification of the {D}ewilde--van der {V}een method for inversion of finite structured matrices},
  author={Eidelman, Y and Gohberg, I},
  journal={Linear Algebra and its Applications},
  volume={343},
  pages={419--450},
  year={2002},
  publisher={Elsevier}
}

@article{van2004two,
  title={Two fast algorithms for solving diagonal-plus-semi-separable linear systems},
  author={Van Camp, Ellen and Mastronardi, Nicola and Van Barel, Marc},
  journal={Journal of Computational and Applied Mathematics},
  volume={164},
  pages={731--747},
  year={2004},
  publisher={Elsevier}
}

@article{eidelman1997inversion,
  title={Inversion formulas and linear complexity algorithm for diagonal plus semi-separable matrices},
  author={Eidelman, Y and Gohberg, I},
  journal={Computers \& Mathematics with Applications},
  volume={33},
  number={4},
  pages={69--79},
  year={1997},
  publisher={Elsevier}
}

@article{gohberg1985linear,
  title={Linear complexity algorithms for semi-separable matrices},
  author={Gohberg, I and Kailath, T and Koltracht, I},
  journal={Integral Equations and Operator Theory},
  volume={8},
  number={6},
  pages={780--804},
  year={1985},
  publisher={Springer}
}

@incollection{jain2010n,
  title={O(n) algorithms for banded plus semi-separable matrices},
  author={Jain, Jitesh and Li, Hong and Koh, Cheng-Kok and Balakrishnan, Venkataramanan},
  booktitle={Numerical Methods for Structured Matrices and Applications},
  pages={347--358},
  year={2010},
  publisher={Springer}
}

@article{chandrasekaran2003fast,
  title={Fast and stable algorithms for banded plus semi-separable systems of linear equations},
  author={Chandrasekaran, Shiv and Gu, Ming},
  journal={SIAM Journal on Matrix Analysis and Applications},
  volume={25},
  number={2},
  pages={373--384},
  year={2003},
  publisher={SIAM}
}

@MISC{eigenweb,
  author = {Ga\"{e}l Guennebaud and Beno\^{i}t Jacob and others},
  title = {Eigen v3},
  howpublished = {http://eigen.tuxfamily.org},
  year = {2010}
}

@MISC{ambikasaran2014ESS,
  author = {Sivaram Ambikasaran},
  title = {{ESS}},
  howpublished = {https://github.com/sivaramambikasaran/ESS},
  year = {2014}
}

@article{rybicki1995class,
  title={Class of fast methods for processing irregularly sampled or otherwise inhomogeneous one-dimensional data},
  author={Rybicki, George B and Press, William H},
  journal={Physical review letters},
  volume={74},
  number={7},
  pages={1060},
  year={1995},
  publisher={APS}
}